% Encoding: UTF-8

@Book{Rawlings2017,
  author    = {James Rawlings and David Mayne and Moritz Diehl},
  publisher = {Nob Hill Publishing},
  title     = {Model Predictive Control: Theory, Computation and Design},
  year      = {2017},
}

@Book{Nocedal2006,
	author    = {Jorge Nocedal and Stephen J. Wright},
	publisher = {Springer},
	title     = {Numerical Optimization},
	year      = {2006},
}

@article{Allgower2004,
	title={Nonlinear model predictive control: From theory to application},
	author={Allgower, Frank and Findeisen, Rolf and Nagy, Zoltan K et. al},
	journal={Journal-Chinese Institute Of Chemical Engineers},
	volume={35},
	number={3},
	pages={299--316},
	year={2004},
	publisher={CHINESE INST CHEM ENGINEERS}
}

@article{Fang2022,
	author={Fang, Xing and Chen, Wen-Hua},
	journal={IEEE Control Systems Letters}, 
	title={Model Predictive Control With Preview: Recursive Feasibility and Stability}, 
	year={2022},
	volume={6},
	number={},
	pages={2647-2652},
}

@INPROCEEDINGS{Basuki2022,
	 author={Susanto, Erwin and Rahmat, Basuki and Ishitobi, Mitsuaki},
	 booktitle={2022 9th International Conference on Information Technology, Computer, and Electrical Engineering (ICITACEE)},
	 title={Stabilization of Rotary Inverted Pendulum using Proportional Derivative and Fuzzy Controls},
	 year={2022},
}

@INPROCEEDINGS{Oishi2018,
	author= {Pinyopawasutthi, Petchakrit and Banjerdpongchai, David and Oishi, Yasuaki},
	booktitle={2018 18th International Conference on Control, Automation and Systems (ICCAS)},
	title={Design of Output Feedback Nonlinear Model Predictive Control for Inverted Pendulum on Cart},
	year={2018},
}


@manual{PendulumManual,
	author    = {Optimal Control Labs},
	publisher = {Optimal Control Labs},
	title     = {User Manual for Linear Inverted Pendulum},
	year      = {2022},
	url = {\url{https://ocl.sk/wp-content/uploads/2022/06/UserManualInvertedPendulum.pdf}}
}

@manual{ESPManual,
	author    = {Expressif Systems},
	publisher = {Expressif Systems},
	title     = {ESP32 Technical Reference Manual},
	year      = {2022},
	url = {\url{https://www.espressif.com/en/products/socs/esp32}}
}

@misc{acados,
	author = {University of Freiburg SYSCOP},
	title = {ACADOS Documentation},
	note = {\url{https://docs.acados.org/about_acados/index.html}},
	urldate = {2023-07-28}
}

@misc{MPC2023,
	howpublished = {\textit{Medium}},
	title = {Model Predictive Control 101},
	note = {\url{https://pallavrawat.medium.com/model-predictive-control-101-28de17208c39}},
	year = {2023}
}

@Comment{jabref-meta: databaseType:bibtex;}
